@inproceedings{shvets2018automatic,
title={Automatic Instrument Segmentation in Robot-Assisted Surgery using Deep Learning},
author={Shvets, Alexey A and Rakhlin, Alexander and Kalinin, Alexandr A and Iglovikov, Vladimir I}},
booktitle={2018 17th IEEE International Conference on Machine Learning and Applications (ICMLA)},
pages={624--628},
year={2018}
}

@article{ren2019task,
  title={Task Decomposition and Synchronization for Semantic Biomedical Image Segmentation},
  author={Ren, Xuhua and Zhang, Lichi and Ahmad, Sahar and Nie, Dong and Yang, Fan and Xiang, Lei and Wang, Qian and
  Shen, Dinggang},
  journal={arXiv preprint arXiv:1905.08720},
  year={2019}
}